@article{jegadeesh1993returns,
  title={Returns to buying winners and selling losers: Implications for stock market efficiency},
  author={Jegadeesh, Narasimhan and Titman, Sheridan},
  journal={The Journal of Finance},
  volume={48},
  number={1},
  pages={65--91},
  year={1993},
  publisher={Wiley Online Library}
}

@article{hong2000bad,
  title={Bad news travels slowly: Size, analyst coverage, and the profitability of momentum strategies},
  author={Hong, Harrison and Lim, Terence and Stein, Jeremy C},
  journal={The Journal of Finance},
  volume={55},
  number={1},
  pages={265--295},
  year={2000},
  publisher={Wiley Online Library}
}